@Misc{agv15,
author = "F. Bernd",
title = "Automata, games, and verification",
year = 2015,
publisher = "Saarland University. Lecture Notes"
}


@incollection{buchi90a,
  title={On a decision method in restricted second order arithmetic},
  author={B{\"u}chi, J Richard},
  booktitle={The Collected Works of J. Richard B{\"u}chi},
  pages={425--435},
  year={1990},
  publisher={Springer}
}

